2372 3800
429 349 522 414 AEdes
538 347 876 415 Westmonasterz'ensz's.

178 612 252 669 Nox
267 607 321 668 ubi
336 608 503 670 dimidium
516 608 587 671 silet
602 608 793 692 intempesta
807 629 864 692 per
877 624 998 670 annum

180 738 307 800 Gratius
323 738 466 800 exoritur
480 738 592 800 Phoebi
604 739 714 822 jubar:
738 738 790 799 ille
806 735 928 800 furores

182 867 394 950 Luctatosque
410 868 462 930 diu
478 869 610 952 populos
625 868 790 953 componit
804 869 837 930 in
852 889 954 930 unum

182 994 269 1057 Pacis
283 1016 403 1073 amans,
420 1009 606 1080 gratamque
620 998 720 1082 aperit
735 1011 805 1081 post
820 997 927 1059 nubila
940 997 1057 1059 lucem.

181 1123 297 1206 Aspice
313 1137 345 1185 et
360 1124 412 1186 hic
426 1121 547 1190 fratresl
562 1139 674 1188 tenero
689 1148 767 1210 quos
781 1125 859 1189 flore
870 1127 1013 1211 juventoe

181 1250 237 1312 Vis
250 1252 362 1334 spoliat
377 1255 480 1336 patrui
495 1269 527 1316 et
542 1255 696 1339 regnandi
715 1255 823 1318 insana
838 1257 971 1340 cupido:

183 1386 327 1445 Insontes
341 1384 450 1446 ambo!
473 1385 548 1461 vita,
565 1385 642 1446 dum
656 1386 719 1447 vita
734 1385 892 1463 manebat,

183 1508 385 1596 Fortunaque
401 1533 500 1597 pares,
518 1533 622 1597 neque
637 1514 669 1576 in
684 1513 750 1598 ipsa
764 1527 868 1576 morte
882 1515 1041 1599 dirempti.

182 1641 222 1702 Et
237 1654 270 1702 te
285 1640 494 1704 immaturum
505 1642 724 1726 juvenemque
740 1642 823 1704 hanc
838 1641 922 1704 misit
937 1642 969 1704 in
985 1643 1096 1720 aedem,

183 1775 300 1832 Sancte
315 1773 420 1854 puer‚¹¹
435 1770 601 1854 rapuitque
615 1772 712 1833 decus
726 1771 779 1833 lex
794 1785 861 1833 atra
874 1768 1037 1845 futurum;

185 1902 259 1960 Heu
274 1899 409 1988 simplex
425 1899 541 1977 anima,
558 1900 620 1962 heu
635 1921 715 1962 verae
729 1900 855 1985 pietatis
869 1901 976 1986 imago

89 2058 93 2064 ·
186 2031 411 2112 Ingenuusque
427 2028 544 2112 pudor!
569 2027 644 2090 licet
659 2027 825 2113 indulgere
840 2028 940 2090 dolori

186 2155 368 2241 Paullisper,
385 2157 583 2240 patriamque
598 2171 630 2218 et
644 2177 714 2240 spes
729 2156 852 2240 plorare
869 2155 1001 2241 fugatas.

227 2285 278 2348 Sic
292 2299 339 2348 tot
355 2286 518 2349 dissimiles
532 2287 654 2350 animos
668 2307 733 2348 sors
747 2307 811 2348 una
824 2286 984 2370 sepulchri

187 2389 367 2479 Consociat.
404 2421 546 2479 Necnon
561 2429 674 2478 tenues
689 2429 743 2478 net
759 2437 873 2478 aranea
887 2415 964 2478 telas

188 2550 265 2620 Ossa
278 2567 372 2630 super
385 2549 519 2630 regum‚¹
532 2543 678 2629 fetusque
693 2546 825 2629 impune
840 2545 980 2607 novellos

189 2676 338 2737 Educunt
353 2675 498 2738 volucres
512 2689 607 2759 atque
622 2675 711 2737 omni
725 2676 764 2738 de
779 2675 866 2736 trabe
882 2674 972 2736 nidos

191 2805 406 2890 Suspendere:
426 2803 515 2888 juvat
530 2817 655 2866 sanctos
670 2803 810 2866 habitare
824 2823 975 2880 recessus,

191 2935 295 2998 Credo
311 2932 470 3016 equidem,
484 2931 696 3016 placitamque
707 2934 779 2992 Deo
789 2929 934 2993 volitasse
949 2951 1005 3015 per
1020 2931 1136 2994 aedem:

353 3144 360 3186 l
380 3139 494 3193 Edward
508 3140 542 3193 Vs
556 3139 606 3190 and
619 3136 658 3190 his
670 3137 785 3191 brother.

355 3235 367 3266 ¹
386 3229 567 3295 Edwarlel.

357 3323 363 3356 ¹
379 3318 454 3372 Birds
466 3321 531 3370 have
543 3316 610 3370 built
623 3315 649 3369 in
663 3317 758 3387 Henry
772 3317 861 3371 VIL’s
875 3316 977 3386 chapel.
