2372 3800
56 297 73 350 8
306 295 400 360 AEder
417 297 619 362 Wertmonast
621 299 755 364 ariensis.

56 557 160 615 Tanta
174 554 262 637 quies
277 554 417 616 circum:
441 567 563 616 tantam
579 569 648 638 post
663 555 774 639 proelia
788 577 902 640 pacem
990 551 993 558 ’

58 681 195 745 Bellator
210 679 295 744 fovet
311 696 342 744 et
357 683 529 768 longum'
507 703 573 744 stne
589 679 699 746 fraude
714 706 871 768 soporem.

97 816 188 874 Parte
204 813 264 874 alia
278 813 419 874 numeris
434 813 564 876 tandem
579 814 709 876 desueta
726 814 849 876 canoris
943 897 946 903 Ι
997 893 998 896 ¹

55 942 186 1004 Turba
173 956 261 1025 jacet
276 956 395 1004 vatum.
439 947 468 1003 N
471 955 531 1003 on
546 942 620 1004 hic
613 943 762 1028 inscripta
776 943 927 1028 sepulcris

29 1049 31 1056 ,
55 1075 146 1131 Vana
160 1091 368 1153 supervacuas
383 1083 530 1132 enarrant
547 1071 688 1132 carmina
701 1072 824 1134 laudes:

55 1204 124 1261 Nec
150 1196 235 1261 fandi
257 1199 358 1260 ullum
380 1221 458 1284 opus
480 1213 543 1262 est:
567 1201 639 1263 satis
660 1201 726 1263 haec
747 1201 884 1286 vulgata.
927 1200 1007 1282 Quis

175 1328 266 1390 illurn

56 1457 136 1539 Quis
150 1458 262 1535 nescit,
278 1458 398 1542 primus
412 1472 513 1521 terra
526 1482 580 1542 qur
572 1460 717 1523 solvere
732 1459 843 1522 funem

54 1588 185 1650 Audet
172 1601 407 1672 inexpertaque
423 1589 515 1650 rudes
530 1589 625 1650 classe
641 1589 753 1650 imbuit
769 1589 888 1654 undas?

55 1717 112 1780 Ille
127 1739 261 1802 operum
277 1717 440 1801 princeps.
464 1721 591 1780 Musam
607 1717 669 1780 ciet
684 1717 736 1780 ille
751 1730 915 1782 tacentem

51 1845 249 1910 Jamdudum
264 1859 295 1906 et
311 1845 396 1908 dulci
410 1846 448 1906 ad
463 1859 574 1909 cantus
588 1846 729 1931 praeludit
744 1867 853 1910 avena

52 1974 184 2057 Qualis
176 1987 200 2035 rt
215 1974 248 2035 in
263 1974 363 2036 nubes
377 1974 480 2058 primo
491 1975 559 2058 jam
574 1975 696 2036 lumine
711 1947 822 2036 alauda

51 2112 255 2190 Exoptatque
270 2105 373 2167 diem:
398 2125 458 2168 nec
473 2105 608 2191 longum
622 2119 760 2188 tempus,
777 2117 808 2165 et
823 2125 893 2166 orsa

51 2235 198 2298 Dulcedo
213 2233 313 2318 magis
328 2248 359 2295 et
375 2234 476 2319 magis
490 2234 724 2296 increbrescere
738 2253 872 2295 vocum:

52 2360 233 2445 Ingeminat
249 2359 414 2444 strepitus:
438 2359 534 2422 valles
548 2361 732 2445 pulsataque
746 2361 842 2452 lqnge

51 2491 256 2573 Respondent
273 2511 423 2564 nemora;
447 2490 590 2552 intentus
604 2491 715 2575 procul
729 2490 855 2552 auribus
869 2487 970 2550 hausit

52 2625 171 2696 Pastor,
188 2634 219 2680 et
235 2619 361 2680 insolito
376 2632 519 2681 tentatur
533 2633 663 2703 pectora
677 2639 779 2680 sensu.

50 2749 101 2811 Sic
117 2747 161 2809 illi
179 2769 258 2832 gens
273 2768 389 2831 magna
402 2746 501 2810 subit:
526 2768 604 2831 quos
618 2747 712 2825 inter,
728 2751 843 2822 Avont,

50 2879 233 2941 Fluviorum
248 2878 382 2941 minime
397 2877 514 2962 exiguo
529 2899 582 2961 qur
574 2877 707 2940 laberis
721 2877 820 2954 alveo,

83 3092 206 3144 m'Poets
228 3093 333 3146 Corner
353 3093 472 3150 contains
492 3094 542 3147 few
562 3094 612 3146 and
632 3092 674 3146 for
693 3095 736 3145 the
759 3103 828 3144 most
848 3103 906 3160 part
926 3093 999 3143 short

51 3185 180 3257 epitaphs.

84 3290 96 3313 ²¹
115 3275 247 3328 Chaucer.
