2372 3800
67 343 92 400 q
318 317 410 380 AEdes
428 317 767 382 Wcstmonasteriensis.

72 567 209 632 Illustrat
224 569 332 645 virtus,
348 569 513 652 veterique
527 570 566 631 ab
580 569 703 654 origine
719 591 828 655 regem

70 704 158 779 Quos
173 699 256 761 inter
270 713 330 776 tu,e
345 721 461 785 magne
477 699 589 777 virdun,
606 714 641 761 tu
658 699 800 762 carmina
815 700 917 784 poscis

71 829 176 890 Dumd
189 829 297 891 sedem
313 830 394 892 hanc
409 831 441 892 in
457 832 578 893 honore
593 831 655 892 Dei
670 827 841 913 fataliaque
856 843 970 892 auctor

70 959 292 1022 Fundamenta
305 961 400 1023 locas.
443 960 530 1022 Olim
545 975 695 1044 torpente
708 974 842 1022 veterno

72 1087 281 1172 Squaluerant
297 1088 388 1172 ripoe,
405 1088 476 1150 loca
490 1084 554 1149 feta
569 1087 758 1172 palustribus
772 1086 863 1164 ulviS,

72 1216 241 1300 Insulaque
255 1217 402 1279 horrebat
418 1215 535 1279 crebris
549 1213 691 1278 intersita
705 1215 819 1278 dumis.

68 1345 124 1408 Tu
140 1347 193 1408 sed
208 1346 316 1431 partiri
331 1328 561 1431 campumnon
577 1359 650 1407 ante
665 1345 832 1407 subactum

70 1479 89 1537 J
93 1475 205 1552 ussisti,
221 1496 388 1559 sacrosque
403 1475 537 1537 domum
552 1493 746 1558 consurgere
761 1474 794 1536 in
810 1493 884 1537 usus
893 1497 902 1548 ;

67 1593 209 1687 Jamque
223 1603 309 1666 illam
325 1604 522 1666 incolumem
537 1603 680 1688 sperabas
695 1621 784 1686 posse
800 1624 949 1678 manere;

71 1737 145 1795 Non
161 1733 204 1794 ita
218 1731 262 1794 fas
276 1733 352 1795 fato,
396 1732 482 1794 Bella
497 1751 537 1794 en
552 1732 634 1794 bella
648 1732 810 1816 improbus
824 1733 922 1794 hostis

74 1863 167 1925 Saevit
182 1883 289 1947 agens,
307 1875 401 1945 atque
417 1883 488 1924 arva
502 1859 568 1923 fera
582 1862 634 1923 dat
649 1875 735 1923 vasta
750 1861 858 1946 r'apina

73 1995 143 2054 Nec
157 1991 280 2075 templo
295 1991 455 2070 abstinuit,
469 1991 689 2077 glomeratque
704 1991 853 2055 incendia
867 1992 1010 2054 circum:

73 2121 295 2203 Nequiquam:
320 2120 452 2182 invictas
466 2120 550 2182 haud
564 2121 667 2183 secius
682 2121 797 2182 extulit
813 2142 900 2182 arces

73 2247 274 2332 Miraturque
290 2268 385 2309 novas
399 2261 501 2308 turres
516 2247 715 2330 recidivaque
729 2260 825 2311 tecta.
878 2307 883 2314 .

120 2382 170 2440 Te
184 2378 326 2460 sequitur
340 2392 451 2440 sancto
465 2378 564 2440 laudis
579 2378 647 2462 qui·
661 2393 771 2463 captus
786 2399 895 2440 amore

76 2507 272 2590 Ornavitque
292 2507 393 2569 aedem
409 2521 440 2568 et
455 2507 560 2592 spatiis
575 2507 744 2590 majoribus
759 2508 865 2580 auxit3

75 2638 146 2695 Rex
161 2633 264 2695 idem:
288 2645 397 2694 tamen
412 2654 431 2693 o
446 2653 542 2715 quam
557 2651 665 2692 rerum
680 2644 812 2716 exoptet
827 2631 964 2694 habenas

77 2762 225 2835 Intactas,
242 2779 338 2841 quam
353 2772 477 2842 sceptra
491 2779 555 2820 suae
571 2777 636 2819 non
652 2757 772 2821 credita
785 2758 921 2824 dextrae!

100 2913 120 2984 *⁰
138 2944 213 3016 King
231 2947 323 2998 Sebert
340 2945 454 2999 founded
473 2948 516 2998 the
530 2946 636 3016 Abbey.
673 2947 698 2998 lt
710 2965 764 2998 was
780 2947 931 3000 afterwards
949 2949 1029 3000 burnt

78 3037 112 3106 by
125 3039 168 3090 the
181 3038 282 3090 Danes.

111 3130 122 3163 ‘¹
142 3125 189 3182 Cf.
201 3126 265 3178 AEn.
277 3123 312 3180 vi.
326 3127 382 3192 586.

112 3229 121 3252 ⁸
140 3215 254 3268 Edward
264 3217 307 3267 the
318 3215 472 3280 Confessor,
479 3218 566 3268 whose
576 3215 649 3286 reign
659 3234 711 3268 was
724 3218 844 3269 harassed
855 3218 942 3288 hythe
954 3217 1031 3270 leuda

77 3297 110 3350 ol
118 3295 158 3367 bia
170 3297 262 3350 nobles
273 3299 323 3350 and
336 3295 377 3349 his·
389 3297 490 3367 quarrel
503 3296 566 3350 with
577 3297 617 3349 his
629 3300 742 3363 mother,
755 3301 848 3366 Qeen
862 3299 969 3350 Etnma¹
