2372 3800
425 347 517 411 AEdes
535 343 872 413 Westrnonasterz'ens'z's.

156 603 289 689 Singula
303 602 491 666 lustrabam:
515 625 608 688 supra
622 603 756 666 sublime
771 603 901 665 lacunar

154 737 375 816 Conspectum
390 729 525 816 refugit3
548 732 643 793 series
657 745 728 793 tum
743 732 898 794 immensa
913 730 1066 793 recedens

153 859 233 922 Visa
245 859 468 922 columnarum
483 861 667 922 decrescere
682 875 713 922 et
729 859 838 920 ordine
853 859 951 944 longo

154 987 285 1052 Auferri
301 1005 332 1051 ct
347 991 485 1074 placidas
499 984 616 1053 sensim
631 1012 663 1053 se
679 989 871 1052 abscondere
886 989 917 1050 in
934 979 1071 1052 umbras,

153 1118 273 1198 Qualis,
290 1117 344 1182 ubi
358 1132 504 1202 surgunt,
521 1140 653 1203 procera
668 1117 847 1192 cacumina,
864 1113 927 1200 fagi

155 1243 297 1326 Digestae
311 1243 474 1327 duplicem
489 1244 521 1306 in
536 1266 663 1306 versum
678 1259 713 1327 eg
725 1266 780 1306 sua
794 1241 910 1328 frigora
925 1258 1071 1321 nectunt,

156 1365 299 1428 Efficitur
312 1367 436 1428 medius
450 1367 598 1451 spatianti
614 1368 841 1430 accommodus
855 1367 936 1430 Infra

159 1493 274 1572 Limes,
291 1510 322 1557 et
337 1510 467 1580 apparet
482 1495 578 1581 longa
592 1496 641 1558 via
655 1497 751 1558 ducta
765 1496 823 1557 sub
837 1498 965 1559 umbra:

155 1627 222 1685 Aut
237 1625 291 1686 ubi
306 1645 400 1708 parva
414 1638 492 1686 aestu
509 1625 718 1687 contunditur
732 1624 893 1688 Atlantaeo
988 1622 991 1631 '

153 1749 286 1826 Insula,b
301 1748 475 1812 fluctisonis
490 1751 598 1813 subter
612 1753 770 1816 terebrata
785 1753 936 1832 cavernis,

153 1884 293 1964 Surgere
308 1879 462 1941 miramur
476 1878 644 1961 laquearia,
661 1902 799 1964 saxaque
814 1883 896 1944 saxis

153 2009 317 2094 Imposita,
334 2023 366 2070 et
380 2009 449 2072 viva
463 2005 561 2072 factas
575 2010 614 2071 de
630 2031 708 2092 rupe
724 2010 898 2072 columnas.

154 2139 242 2220 Quin
256 2137 354 2200 varias
368 2139 525 2220 spectanti
539 2153 621 2200 artes
635 2159 833 2221 operumque
848 2138 970 2201 labores

156 2265 274 2327 Nescio
288 2265 356 2349 quis
371 2287 467 2350 pavor
481 2266 622 2350 arrepsit,
640 2278 810 2350 gratusque
825 2267 882 2327 sub
897 2266 962 2327 imo

157 2393 262 2456 Corde
276 2407 406 2456 tremor.
450 2398 544 2470 Tota,
557 2415 653 2476 quam
667 2393 740 2471 lata,
756 2393 880 2456 silentia
894 2409 1028 2478 regnant

156 2527 252 2584 Sacra
266 2522 373 2598 domo,
389 2520 422 2582 ni
437 2542 498 2604 qua
512 2519 630 2582 timidis
645 2519 776 2604 vestigia
790 2519 904 2604 plantis

157 2653 282 2729 Insisto‚
298 2651 482 2734 sonitusque
498 2651 616 2735 pedum
632 2649 798 2734 perlonga
813 2648 941 2710 resultat

157 2781 266 2844 Atria:
291 2780 428 2847 divinam
444 2781 546 2865 pudor
560 2792 606 2842 est
620 2777 749 2840 violasse
765 2777 917 2860 quietem.

196 2915 282 2974 Ecce
297 2924 407 2972 autem
422 2909 541 2995 effigies
556 2908 678 2971 circum
693 2919 874 2990 sanctaeque
889 2906 999 2990 prioris
1078 2948 1081 2956 -

157 3039 230 3105 AEvi
244 3040 394 3125 relliquiae
409 3041 542 3102 suadent
557 3059 651 3122 super
665 3060 733 3100 ossa
748 3038 881 3100 morari:
954 3046 957 3056 ’

158 3169 222 3236 Hic
239 3190 316 3256 gens
330 3171 464 3233 heroum
480 3170 504 3231 si
520 3189 597 3252 quos
612 3188 667 3228 sua
680 3167 780 3230 vivida
795 3166 877 3228 bello

572 3338 583 3376 ,b
602 3332 690 3386 Staffa.
