2372 3800
50 239 82 276 12
294 211 388 276 AEdes
405 209 742 275 Westmonustetz'ensis.

45 466 251 528 Horrendum
266 466 452 540 intonuere;
475 479 618 528 tremunt
634 465 785 528 avertice
799 473 935 527 summes

46 594 192 679 Templa,
208 595 317 657 tremit
333 595 436 673 tellus,
452 593 670 679 labefactaque
684 595 747 656 visa
762 593 892 656 moveri.

49 722 142 784 Haud
157 743 247 784 secus
261 723 402 786 albentes
415 725 440 786 si
454 746 516 807 qua
530 725 721 786 Germanica
736 737 844 790 curvat

51 849 142 910 Unda
156 849 252 927 sinus,
268 849 391 933 placido
406 865 496 912 motu
513 820 685 934 procedere
700 849 815 914 fluctus

48 980 302 1060 Procurrensque
318 979 413 1062 pedes
426 977 478 1040 vix
493 978 632 1044 lambere
647 979 768 1040 lacteus
783 979 914 1041 humor:

52 1103 106 1164 Sin
121 1103 219 1165 maria
233 1103 264 1165 in
280 1125 419 1189 pugnam
434 1109 549 1168 Boreas
563 1107 636 1184 ciet,
653 1105 739 1168 ilicet
759 1107 840 1167 imus

52 1232 179 1294 Misceri
194 1247 327 1317 pontus:
350 1247 453 1296 vastus
466 1255 499 1295 se
514 1233 604 1295 illidit
619 1254 706 1316 aquae
722 1253 814 1294 mons

55 1364 90 1420 ln
106 1382 260 1445 praeceps;
284 1383 437 1447 gemuere
452 1384 524 1438 orae,
541 1381 694 1446 gemuere
710 1381 859 1422 cavernae.

93 1491 259 1553 Desierant
274 1513 384 1554 voces:
405 1492 495 1575 juvat
511 1493 555 1553 ire
571 1505 602 1552 et
614 1493 753 1576 jungere
769 1512 890 1574 gressus

57 1623 168 1682 Donec
184 1623 215 1682 in
232 1635 378 1682 externas
392 1620 481 1681 lento
496 1621 575 1704 pede
590 1619 748 1682 mittimur
763 1641 860 1681 auras.

57 1757 178 1839 Vesper
192 1754 295 1826 adest;
318 1753 405 1816 venit
421 1772 461 1814 en
476 1753 654 1838 splendenti
669 1752 791 1838 insigne
810 1754 922 1814 rubore

57 1889 145 1948 Dum
159 1901 268 1972 specto
279 1888 373 1971 jubar
389 1902 420 1948 et
436 1901 616 1976 crescentes
630 1885 758 1949 discutit
773 1888 908 1948 umbras.

59 2018 128 2098 Ipse
144 2014 292 2097 equidem
306 2011 459 2076 immotus
473 2028 558 2076 retro
573 2012 676 2075 defixa
690 2014 840 2074 tenebam

58 2146 195 2209 Lumina
210 2159 241 2207 et
257 2145 441 2231 adspectans
455 2145 554 2207 aedern
568 2143 758 2218 venerabar;
781 2157 811 2204 at
827 2143 879 2203 illa

63 2277 135 2341 Visa
149 2276 326 2340 recedentis
340 2275 446 2339 vestiri
465 2273 538 2336 luce
552 2273 616 2354 diei

61 2409 101 2467 Et
116 2405 197 2468 soles
207 2404 330 2480 flavisse
342 2424 427 2494 suos,
441 2401 619 2483 coelumque
634 2401 691 2462 sub
705 2402 807 2487 ipsum

62 2525 185 2630 Popere
199 2515 383 2614 terrestrem
398 2532 501 2616 capita
516 2529 711 2614 indignantia
726 2539 865 2593 noctem⁴
