2372 3800
409 336 502 400 AEdes
520 337 862 402 Westmonasterz‘cnsir.

149 592 226 655 Odit
242 591 341 670 enim,
359 613 487 656 causam
501 588 650 670 lacrimis,
667 594 781 666 decus;
805 593 870 662 odit
887 592 1046 668 honores;.

147 725 228 786 Odit
243 725 419 808 primorum
435 726 575 803 invidias,
592 741 623 787 et
635 727 742 812 jurgia
758 727 877 803 matriS,

151 852 300 936 Bellaque
315 866 346 914 et
362 852 462 914 effuso
477 853 653 916 recalentes
667 854 822 939 sanguine
838 875 977 939 campos.

191 981 268 1061 Quis
290 996 399 1044 tamen
422 981 488 1044 ille‘
509 983 607 1045 etiam
629 1005 716 1046 arma
734 1005 848 1068 gerens
871 984 1032 1070 etiamque
1051 1009 1109 1050 se·-

270 1111 383 1196 pulcro

149 1241 307 1302 Bellator?
349 1245 457 1303 Nosco
470 1255 582 1324 pectus
596 1243 830 1325 spectandaque
845 1245 990 1308 membra

151 1369 239 1448 Mole
254 1369 413 1454 gigantea,
431 1369 588 1452 clipeique
603 1369 749 1453 insignia,
767 1384 798 1430 et
814 1391 925 1434 ensem

150 1497 364 1574 Fulmineum,
381 1499 559 1582 ingentem.
602 1498 698 1560 Dedit
714 1497 758 1559 illi
770 1498 911 1562 Cimbria
925 1504 1093 1586 quondam

149 1627 314 1689 Debellata
329 1647 458 1689 manus:
482 1626 575 1690 illum
588 1624 731 1690 confessa
745 1640 915 1711 potentem

148 1757 266 1834 Scotia,
282 1761 478 1840 nequiquam
490 1757 571 1819 vallo
587 1757 714 1820 munita
722 1758 888 1842 jugorum,
966 1765 968 1770 ’

149 1885 367 1968 Devictusque
382 1885 518 1949 humiles
531 1886 674 1948 volvebat
689 1887 818 1970 Clydius
832 1891 940 1954 undas.

150 2015 238 2096 Quin
254 2029 285 2077 et
300 2037 333 2077 se
348 2015 414 2077 leto
428 2015 582 2079 comitem
597 2015 682 2076 dedit
699 2016 817 2099 inclyta
832 2019 965 2103 conjux,

150 2145 283 2228 Inclyta,
300 2167 371 2228 quae
385 2145 543 2208 moriente
557 2146 628 2207 viro
638 2143 698 2208 fert
713 2168 778 2209 una
791 2148 928 2212 salutem

152 2271 352 2355 Non-timida
365 2272 511 2355 illapsum
525 2286 637 2334 tenero
652 2273 777 2335 trahere
793 2296 1038 2339 orerenenum..

152 2405 296 2463 Tantum
307 2401 399 2484 jussit
414 2422 520 2474 amor;
544 2422 648 2484 neque
664 2402 750 2464 enim
766 2423 831 2466 non
845 2405 911 2466 ulla
923 2403 1043 2468 ferebat

154 2529 287 2590 Praemia
301 2549 362 2590 nec
377 2529 457 2590 tanti
471 2528 610 2591 vanescit
625 2529 727 2614 gratia
742 2527 837 2593 facti:

156 2657 301 2734 Conscia,
317 2655 465 2719 funereos
479 2657 574 2742 longe
589 2650 748 2742 signantia
760 2679 868 2722 cursus

152 2790 351 2848 ornamenta
364 2785 430 2862 vira,
445 2785 576 2848 viduum
591 2799 737 2848 attestata
750 2786 903 2850 dolorem.

154 2913 246 2986 Clara
260 2913 338 2976 hinc·
349 2913 533 2997 progenies:
557 2913 631 2976 hinc
646 2926 696 2975 et⁸
709 2915 763 2997 qui
778 2911 919 2980 lirlminis
934 2917 1031 2980 instar

185 3080 196 3114 ¹
213 3077 328 3129 Edward
342 3078 375 3142 L,
387 3093 534 3147 conqueror
544 3076 576 3128 of
583 3077 677 3158 W²¹‘?⁵
689 3079 740 3129 and
754 3079 888 3132 Scotland.
924 3081 970 3133 He
987 3080 1070 3135 raised
1089 3101 1112 3144 ι,

157 3165 211 3219 line
223 3167 254 3218 of
261 3184 360 3219 crosses
372 3168 451 3238 along
463 3169 506 3218 the
523 3169 585 3220 road
598 3179 626 3220 to
637 3169 714 3220 mark
726 3170 769 3220 the
781 3187 873 3222 course
885 3171 916 3224 οἰ
924 3175 1017 3243 Qeen
1031 3173 1117 3226 Elea-

158 3261 233 3311 nor’s.
245 3257 356 3310 funeral.

194 3362 206 3396 r
226 3348 340 3400 Edward
355 3349 366 3400 l
372 3349 384 3400 l
390 3350 422 3415 L,
435 3349 485 3401 and
497 3347 537 3400 his
549 3364 594 3400 son
609 3351 651 3400 the
666 3348 748 3400 Black
762 3347 864 3402 Prince„
