2372 3800
419 345 514 410 AEdes
529 347 867 421 Westmonarterienst's.
1087 379 1119 416 rr

184 509 1116 546 --·--——————-1

170 604 238 673 Aut
254 621 350 684 quem
365 605 492 680 Naturae
507 602 594 688 leges
609 587 763 688 cognosse
777 604 912 693 latentes

170 733 355 816 Prolapsum
370 733 478 810 docuit
492 755 637 818 pomum,
654 736 771 829 quique
786 737 903 800 athera
918 751 1023 799 totum

170 861 358 936 P'ercurristi
372 862 480 936 animo
494 863 739 956 stellantemque
754 863 880 956 ignibus
894 884 1006 940 axemg

169 994 283 1073 Teque
298 991 399 1069 adeo,r
413 991 467 1075 qui
481 1005 529 1053 tot
543 991 644 1054 dubiis
659 1013 739 1063 nova
754 993 861 1055 littora
875 992 951 1054 velis

170 1121 235 1179 Tot
251 1118 350 1194 maria
365 1139 523 1199 emensus,
539 1141 666 1182 summo
677 1121 746 1211 jam
761 1121 793 1182 in
807 1120 871 1182 fine
886 1121 1031 1198 laborum

171 1245 290 1314 Deficis
305 1247 366 1308 heu
382 1247 428 1310 dis
443 1263 474 1309 et
488 1249 591 1310 ventis
606 1269 771 1346 oppressus
785 1249 899 1332 iniquis
908 1273 916 1323 ;

171 1377 199 1434 N
204 1393 246 1434 on
262 1388 395 1436 externa
408 1388 521 1471 petens
530 1399 538 1448 ;
561 1375 697 1477 patriam
712 1377 878 1452 accessisse
893 1379 1029 1440 nocebat

171 1499 311 1594 Scilicet,
329 1515 360 1562 et
376 1517 452 1564 nota
465 1502 595 1564 versaris
609 1499 780 1597 naufragus
795 1524 859 1564 ora.

211 1630 301 1692 Talia
315 1631 393 1691 dum
407 1645 556 1715 reputans
572 1651 658 1706 nunc
672 1631 736 1700 huc
752 1652 838 1710 nunc
857 1633 972 1694 metior
987 1632 1072 1695 illuc·

169 1757 333 1836 Vestibula
348 1759 575 1842 antiquamque
591 1757 674 1844 feror¹
689 1759 756 1820 sine
773 1780 862 1820 more
877 1781 933 1843 per
948 1761 1058 1846 aedern,

171 1890 219 1947 En
234 1886 428 1972 vespertinos
443 1908 535 1970 supra
550 1901 645 1970 caput
660 1907 740 1950 aerea
756 1887 835 1948 ritus

175 2017 299 2101 Lingua
309 2031 411 2080 vocat.
439 2023 512 2080 lam
524 2038 610 2094 nunc
622 2016 719 2100 longo
731 2016 843 2100 procul
852 2017 961 2078 ordine
972 2033 1122 2100 pompam

177 2114 398 2228 Candentique
413 2145 521 2226 habitu
535 2144 630 2206 vestis
644 2165 700 2227 per
714 2143 803 2206 devia
818 2143 892 2205 duci

172 2273 319 2360 Aspicio:
343 2294 429 2336 nunc
445 2274 522 2336 hora
535 2294 639 2334 sacros
654 2293 740 2335 nunc
756 2273 887 2334 reddere
901 2271 1006 2334 cultus

171 2403 222 2479 Ac
237 2401 329 2464 dictis
343 2400 442 2480 lenire
458 2405 565 2462 Deum
579 2415 674 2490 atque
693 2400 726 2461 in
740 2413 813 2462 vota
826 2421 949 2478 vocare,

144 2571 158 2594 .
173 2529 223 2608 llli
236 2529 430 2592 alternantes
443 2529 598 2610 submissu
613 2550 778 2591 murmure
793 2550 888 2591 voces

172 2663 258 2721 Dant
273 2658 388 2736 solitas,
405 2672 625 2744 peraguntque
640 2679 750 2742 preces
765 2673 797 2719 et
812 2677 947 2719 munera
958 2658 1069 2735 laudis,

173 2788 277 2850 Dulce
293 2789 515 2851 ministerium.
558 2793 646 2851 Turn
660 2809 735 2849 vero
751 2787 877 2850 excelsa
891 2807 1039 2850 sonorem

166 2922 297 3003 ‚Organa
312 2918 527 2980 miscuerunt:
552 2914 652 2979 fertur
665 2937 727 2978 vox
743 2915 845 3001 prima
860 2935 916 3000 per
930 2935 1020 2976 aures

172 3049 270 3108 Parva
285 3045 468 3126 imploranti
482 3045 591 3126 similis
605 3044 778 3128 similisque
794 3043 957 3127 querenti;

168 3179 251 3254 Mox
264 3174 345 3236 vires
360 3173 531 3258 paullatim
546 3171 708 3249 adhibent,
724 3171 802 3233 dum
816 3170 953 3254 denique
968 3169 1064 3252 longe

203 3343 211 3365 ¹
230 3327 273 3398 Sir
287 3329 448 3400 Cloudesley
461 3328 566 3396 Shuvel5
580 3330 639 3396 who
653 3344 705 3380 was
718 3328 840 3396 wrepked
853 3345 887 3380 on
901 3327 943 3378 the
958 3323 1039 3390 Scilly
1055 3322 1129 3389 lslet'-
1174 3387 1175 3398 γ
