2372 3800
84 387 118 426 ¹0
326 368 419 434 AEder
436 371 774 436 Wcstmonasteriensis.

80 625 185 701 Quam
200 619 284 685 fama
298 639 343 686 est
359 625 516 694 domuisse
531 627 591 688 iras
606 626 788 710 rabiemque
803 626 946 704 leonum,

80 748 288 833 Simplicitate
304 754 457 834 potens?q
498 757 563 816 Ter
577 751 664 826 felix,
680 753 807 838 Anglia,
824 753 918 816 tellus

79 883 164 942 Laeta
178 895 345 964 poetarum
360 896 469 966 partu:
493 883 549 944 tibi
564 883 680 946 ducere
696 881 800 946 fontes

79 1010 230 1072 Castalios
243 1014 364 1072 Natura
378 1012 473 1089 dedit,
489 1012 632 1096 viresque
647 1013 783 1076 bibendo

80 1143 244 1202 Musarum
259 1139 400 1202 occultas
414 1141 504 1202 tenui
519 1161 713 1226 cognoscere
727 1163 830 1204 sensu.

115 1270 184 1328 Nec
200 1286 265 1328 non
280 1281 312 1327 et
327 1267 424 1330 decus
438 1289 534 1331 omne
549 1283 630 1354 togoe
645 1269 794 1354 pacisque
809 1269 969 1331 ministros

78 1398 218 1456 Cernere
234 1408 300 1456 erat
309 1418 317 1468 ;
341 1396 479 1479 quisquis
493 1393 631 1459 facundo
645 1398 776 1460 detonat
790 1419 845 1460 ore

77 1528 201 1608 Perque
214 1525 299 1589 vices
312 1525 458 1610 tollitque
473 1527 595 1590 animos
610 1543 642 1589 et
655 1541 814 1612 temperat
829 1529 930 1590 idem:

34 1726 39 1736 ¹
77 1655 173 1716 Illum
187 1655 407 1740 insurgentem
421 1669 542 1739 spectat
558 1670 742 1740 spectatque
757 1657 943 1740 loquentem

78 1783 184 1862 Curia,
201 1798 233 1844 et
248 1797 362 1867 arguto
376 1781 472 1844 sentit
487 1780 611 1843 deflexa
626 1781 787 1866 magistro.

75 1915 149 1974 Pars
163 1911 223 1974 alia
236 1911 391 1995 ingenuas
405 1925 487 1974 artes
501 1931 619 1973 auxere
634 1909 786 1973 colendo:

76 2041 140 2104 Hic
154 2063 228 2104 vera
242 2039 382 2104 referens
397 2042 548 2127 genitoris
562 2041 702 2126 imagine
716 2040 822 2102 vultus

76 2173 198 2251 Tradit,
215 2186 246 2235 et
261 2173 467 2235 immemores
481 2185 571 2234 natos
585 2185 670 2233 vetat
685 2192 752 2233 esse
767 2184 953 2256 parentum;

76 2305 145 2384 llle,
161 2305 301 2368 immane
316 2325 419 2381 ausus,
436 2323 529 2387 parva
544 2322 608 2363 non
624 2322 718 2387 parva
731 2300 845 2363 tabella

75 2432 254 2516 Nubilaque
269 2446 452 2514 tractusque
467 2429 561 2493 maris
575 2429 774 2512 ridentiaque
790 2451 861 2491 arva

75 2558 251 2621 Describit:
275 2557 401 2620 duxisse
415 2556 467 2618 alii
481 2556 520 2618 de
535 2576 695 2618 marmore
708 2556 779 2617 vivo

77 2688 237 2772 spirantes
252 2701 369 2749 norunt
385 2684 501 2748 formas
515 2683 636 2769 farique
655 2697 786 2770 paratas.

114 2819 224 2899 Atque
239 2836 299 2901 ego
315 2815 347 2876 ni
362 2835 454 2878 cursu
466 2814 601 2899 jamjam
615 2835 763 2899 suprema
777 2828 907 2899 peracto

76 2949 256 3006 Decurram
270 2942 369 3028 spatia
383 2956 415 3006 et
429 2943 495 3006 visu
510 2943 641 3006 tandem
656 2944 769 3006 ultima
782 2943 917 3029 signem,

74 3077 124 3136 Te
139 3091 300 3146 canerem,
317 3071 444 3134 artificis
458 3072 510 3135 cui
524 3072 569 3134 vis
584 3071 701 3135 invicta
714 3072 836 3157 vaporis

74 3199 182 3263 Paruit
197 3199 415 3284 humanosque
430 3201 539 3262 volens
553 3199 709 3262 concessit
725 3199 757 3260 in
772 3220 861 3261 usus:

173 3381 184 3412 s
202 3371 218 3397 “
232 3367 320 3432 Quam
405 3373 525 3438 potens.'’
557 3368 601 3420 Cf.
616 3368 682 3423 AEn.
696 3386 722 3422 x.
738 3381 837 3434 707·10,
850 3380 934 3432 537·9.
