2372 3800
423 387 518 452 AEdes
536 381 878 450 Westmonastrricnst's.

172 641 350 728 Egregium
366 657 439 704 ante
454 664 568 705 omnes
583 643 741 728 genuisti;
766 665 826 706 nec
842 643 927 705 canit
943 643 996 705 ille

174 777 254 834 Arte
269 773 418 851 laborata,
435 775 490 836 sed
504 795 596 836 mens
610 774 678 836 sine
693 775 861 858 compede,
877 773 931 835 sed
946 771 1016 834 fons

176 902 305 987 Largior
319 903 441 987 ingenii
455 901 584 966 facilem
598 905 650 966 dat
665 901 799 965 fundere
814 924 938 966 vocem.

175 1034 259 1127 Ergo
273 1032 431 1116 Cecropio
445 1053 498 1093 seu
515 1053 580 1094 non
595 1033 725 1117 indigna
739 1033 898 1096 cothurno

175 1159 246 1220 Sive
260 1159 345 1222 leves
359 1175 466 1233 movet
484 1161 536 1223 ille
548 1163 650 1246 jocos,
667 1163 734 1225 sine
750 1163 879 1247 pulvere
894 1162 1033 1246 palmam
1065 1201 1068 1206 ,

174 1291 332 1373 Occupat,
349 1303 381 1351 et
396 1291 515 1374 primos
529 1287 633 1353 aufert
648 1290 775 1375 ignarus
791 1292 937 1353 honores.

174 1420 245 1479 Nec
259 1420 415 1482 Miltonus
429 1421 527 1497 abest,
543 1441 607 1503 quo
622 1441 687 1482 non
702 1419 897 1504 praestantior
912 1420 991 1481 alter

175 1549 238 1610 Res
252 1549 373 1632 aperire
389 1571 485 1612 novas
499 1563 594 1634 atque
609 1551 710 1612 altum
726 1550 865 1612 condere
881 1570 1029 1612 carmen:

175 1665 246 1762 lpse
261 1678 311 1741 die
327 1700 448 1741 cassus:
471 1693 562 1741 tanto
578 1679 678 1767 magis
691 1679 784 1741 insita
798 1683 898 1741 Musae

175 1810 232 1873 Vis
247 1812 366 1874 animat
382 1827 546 1886 mentem;
571 1813 655 1876 canit
670 1812 723 1874 ille
738 1814 885 1897 interque
900 1813 1081 1875 canendum

177 1939 306 2002 scandit
321 1961 420 2024 regna
433 1940 498 2026 poli
513 1955 544 2002 et
559 1941 651 2024 spatii
666 1940 804 2003 confinia
818 1945 946 2002 temnit.

175 2071 323 2152 Namque
338 2065 435 2131 refert
450 2070 557 2132 medio
572 2069 743 2131 miscentes
757 2069 869 2152 proelia
884 2069 962 2130 coelo

177 2190 320 2256 Infernas
334 2216 549 2279 superumque
565 2195 665 2258 acies:
690 2194 787 2257 micat
802 2195 918 2256 oethere
933 2191 1042 2278 fulgur

177 2319 344 2398 Telorum,
360 2321 492 2405 diroque
507 2322 611 2384 Chaos
626 2322 736 2383 tremit
751 2341 848 2382 omne
863 2321 1015 2382 tumultu.

179 2450 241 2510 Sed
256 2449 330 2533 quid
343 2472 404 2536 ego
415 2449 481 2513 haec
493 2471 685 2528 memorem,
698 2465 751 2511 aut
767 2450 842 2532 quid
856 2463 905 2512 te⁰
919 2451 973 2534 qui
988 2450 1131 2512 carmine

296 2579 418 2642 victum

177 2709 344 2788 Victorem
360 2730 518 2771 memoras
532 2710 625 2787 Asin,
642 2715 833 2794 Musamque
848 2709 1043 2794 magistram,

177 2839 454 2922 Tyndaridamque
470 2859 585 2901 novam
600 2853 632 2900 et
648 2838 782 2923 repetita
795 2837 944 2900 incendia
957 2839 1084 2922 Trojoe?

178 2971 264 3029 Aut?
278 2967 330 3030 cui
344 2968 428 3030 dicta
445 2989 500 3030 sua
513 2967 603 3053 virgo
618 2966 805 3030 candentior
818 2987 910 3051 agna,

210 3134 222 3158 ⁰
240 3122 357 3193 Dryden.
389 3123 436 3178 cf.
450 3125 493 3175 the
504 3123 566 3174 Ode
580 3140 614 3174 on
628 3123 667 3175 St.
682 3119 808 3174 Cecilia'a
821 3122 879 3191 day.

405 3211 517 3264 “Thais
531 3212 573 3264 led
586 3213 629 3264 tlte
642 3229 699 3282 way
717 3250 835 3268 ........

311 3301 374 3352 And
386 3299 440 3356 like
452 3303 562 3354 another
575 3301 665 3353 Helen
678 3300 740 3353 fired
753 3301 863 3353 another
875 3299 978 3369 Troy.”

212 3401 223 3434 Ρ
242 3389 363 3456 Spenser.
